<record><leader>00000cas a2200000 a 4500</leader><controlfield tag="001">2539761</controlfield><controlfield tag="008">761029d195619uumtubr ne      0   a0eng d</controlfield><datafield ind1=" " ind2=" " tag="010"><subfield code="a">sn 79007539 </subfield></datafield><datafield ind1=" " ind2=" " tag="040"><subfield code="a">MUL</subfield><subfield code="b">eng</subfield><subfield code="c">MUL</subfield><subfield code="d">NSD</subfield><subfield code="d">ANU</subfield><subfield code="d">OCL</subfield><subfield code="d">OCLCQ</subfield><subfield code="d">OCLCF</subfield><subfield code="d">OCLCO</subfield></datafield><datafield ind1=" " ind2=" " tag="012"><subfield code="j">0</subfield></datafield><datafield ind1="0" ind2=" " tag="022"><subfield code="a">0528-8592</subfield><subfield code="l">0528-8592</subfield><subfield code="2">1</subfield></datafield><datafield ind1="1" ind2=" " tag="029"><subfield code="a">AU@</subfield><subfield code="b">000020457218</subfield></datafield><datafield ind1=" " ind2=" " tag="042"><subfield code="a">nsdp</subfield></datafield><datafield ind1="0" ind2=" " tag="130"><subfield code="a">Char-Koosta (Ronan, Mont.)</subfield></datafield><datafield ind1="0" ind2=" " tag="210"><subfield code="a">Char-Koosta</subfield></datafield><datafield ind1=" " ind2="0" tag="222"><subfield code="a">Char-Koosta</subfield></datafield><datafield ind1="1" ind2="0" tag="245"><subfield code="a">Char-koosta.</subfield></datafield><datafield ind1="3" ind2=" " tag="246"><subfield code="a">Charlo-Koostahtah</subfield></datafield><datafield ind1=" " ind2=" " tag="260"><subfield code="a">Ronan?, Mont. :</subfield><subfield code="b">Confederated Salish and Kootenai Tribes</subfield></datafield><datafield ind1=" " ind2=" " tag="300"><subfield code="a">v.</subfield></datafield><datafield ind1=" " ind2=" " tag="310"><subfield code="a">Bimonthly,</subfield><subfield code="b">&lt;Jan.-Feb. 1961&gt;</subfield></datafield><datafield ind1=" " ind2=" " tag="321"><subfield code="a">Monthly,</subfield><subfield code="b">&lt;Apr. 1958-Jan. 1960&gt;</subfield></datafield><datafield ind1="1" ind2=" " tag="362"><subfield code="a">Began in 1956?</subfield></datafield><datafield ind1=" " ind2=" " tag="580"><subfield code="a">Superseded by: Char-Koosta, ISSN 0528-8592, published 1971-1985 with differing numbering designation.</subfield></datafield><datafield ind1=" " ind2=" " tag="588"><subfield code="a">Description based on: Vol. 2, no. 6 (Apr. 1958).</subfield></datafield><datafield ind1=" " ind2="0" tag="650"><subfield code="a">Salish Indians</subfield><subfield code="v">Newspapers.</subfield></datafield><datafield ind1=" " ind2="0" tag="650"><subfield code="a">Kootenai Indians</subfield><subfield code="v">Newspapers.</subfield></datafield><datafield ind1=" " ind2="7" tag="655"><subfield code="a">Newspapers.</subfield><subfield code="2">fast</subfield><subfield code="0">(OCoLC)fst01423814</subfield></datafield><datafield ind1=" " ind2="7" tag="650"><subfield code="a">Kootenai Indians.</subfield><subfield code="2">fast</subfield><subfield code="0">(OCoLC)fst00988515</subfield></datafield><datafield ind1=" " ind2="7" tag="650"><subfield code="a">Salish Indians.</subfield><subfield code="2">fast</subfield><subfield code="0">(OCoLC)fst01104021</subfield></datafield><datafield ind1="1" ind2=" " tag="710"><subfield code="a">Confederated Salish &amp; Kootenai Tribes of the Flathead Reservation, Montana.</subfield></datafield><datafield ind1=" " ind2=" " tag="752"><subfield code="a">United States</subfield><subfield code="b">Montana</subfield><subfield code="c">Lake</subfield><subfield code="d">Ronan.</subfield></datafield><datafield ind1="1" ind2="2" tag="785"><subfield code="t">Char-Koosta</subfield><subfield code="x">0528-8592</subfield><subfield code="w">(DLC)sn 79007540</subfield><subfield code="w">(OCoLC)5420430</subfield></datafield></record>